@book{vuolo1996fundamentos,
  title={Fundamentos da teoria de erros},
  author={Vuolo, Jos{\'e} Henrique},
  year={1996},
  publisher={Editora Blucher}
}